@article{article1,
  author    = {Doe, John},
  title     = {Title of article},
  journal   = {journal of article},
  year      = {2017},
  volume    = {11},
  number    = {1},
  pages     = {11--13},
  publisher = {Journal Publisher},
}
@article{article2,
  author    = {Doe, John},
  title     = {Title of article},
  journal   = {journal of article},
  year      = {2017},
  volume    = {11},
  number    = {1},
  pages     = {11--13},
  publisher = {Journal Publisher},
}
@article{article3,
  author    = {Doe, John},
  title     = {Title of article},
  journal   = {journal of article},
  year      = {2017},
  volume    = {11},
  number    = {1},
  pages     = {11--13},
  publisher = {Journal Publisher},
}